@article{blanzieri2008nearest,
  title={Nearest neighbor classification of remote sensing images with the maximal margin principle},
  author={Blanzieri, Enrico ve Melgani, Farid},
  journal={IEEE Transactions on geoscience and remote sensing},
  volume={46},
  number={6},
  pages={1804--1811},
  year={2008},
  publisher={IEEE}
}

@article{melgani2004classification,
  title={Classification of hyperspectral remote sensing images with support vector machines},
  author={Melgani, Farid and Bruzzone, Lorenzo},
  journal={IEEE Transactions on geoscience and remote sensing},
  volume={42},
  number={8},
  pages={1778--1790},
  year={2004},
  publisher={IEEE}
}

@article{ratle2010semisupervised,
  title={Semisupervised neural networks for efficient hyperspectral image classification},
  author={Ratle, Fr{\'e}d{\'e}ric and Camps-Valls, Gustavo and Weston, Jason},
  journal={IEEE Transactions on Geoscience and Remote Sensing},
  volume={48},
  number={5},
  pages={2271--2282},
  year={2010},
  publisher={IEEE}
}

@article{kang2014intrinsic,
  title={Intrinsic image decomposition for feature extraction of hyperspectral images},
  author={Kang, Xudong and Li, Shutao and Fang, Leyuan and Benediktsson, J{\'o}n Atli},
  journal={IEEE Transactions on Geoscience and Remote Sensing},
  volume={53},
  number={4},
  pages={2241--2253},
  year={2014},
  publisher={IEEE}
}

@article{tarabalka2010svm,
  title={SVM-and MRF-based method for accurate classification of hyperspectral images},
  author={Tarabalka, Yuliya and Fauvel, Mathieu and Chanussot, Jocelyn and Benediktsson, J{\'o}n Atli},
  journal={IEEE Geoscience and Remote Sensing Letters},
  volume={7},
  number={4},
  pages={736--740},
  year={2010},
  publisher={IEEE}
}

@article{li2017hyperspectral,
  title={Hyperspectral image reconstruction by deep convolutional neural network for classification},
  author={Li, Yunsong and Xie, Weiying and Li, Huaqing},
  journal={Pattern Recognition},
  volume={63},
  pages={371--383},
  year={2017},
  publisher={Elsevier}
}

@article{yu2017convolutional,
  title={Convolutional neural networks for hyperspectral image classification},
  author={Yu, Shiqi and Jia, Sen and Xu, Chunyan},
  journal={Neurocomputing},
  volume={219},
  pages={88--98},
  year={2017},
  publisher={Elsevier}
}

@article{chen2014deep,
  title={Deep learning-based classification of hyperspectral data},
  author={Chen, Yushi and Lin, Zhouhan and Zhao, Xing and Wang, Gang and Gu, Yanfeng},
  journal={IEEE Journal of Selected topics in applied earth observations and remote sensing},
  volume={7},
  number={6},
  pages={2094--2107},
  year={2014},
  publisher={IEEE}
}

@article{hu2015deep,
  title={Deep convolutional neural networks for hyperspectral image classification},
  author={Hu, Wei and Huang, Yangyu and Wei, Li and Zhang, Fan and Li, Hengchao},
  journal={Journal of Sensors},
  volume={2015},
  year={2015},
  publisher={Hindawi}
}

@article{zabalza2016novel,
  title={Novel segmented stacked autoencoder for effective dimensionality reduction and feature extraction in hyperspectral imaging},
  author={Zabalza, Jaime and Ren, Jinchang and Zheng, Jiangbin and Zhao, Huimin and Qing, Chunmei and Yang, Zhijing and Du, Peijun and Marshall, Stephen},
  journal={Neurocomputing},
  volume={185},
  pages={1--10},
  year={2016},
  publisher={Elsevier}
}

@article{li2016hyperspectral,
  title={Hyperspectral image classification using deep pixel-pair features},
  author={Li, Wei and Wu, Guodong and Zhang, Fan and Du, Qian},
  journal={IEEE Transactions on Geoscience and Remote Sensing},
  volume={55},
  number={2},
  pages={844--853},
  year={2016},
  publisher={IEEE}
}

@article{kingma2013auto,
  title={Auto-encoding variational bayes},
  author={Kingma, Diederik P and Welling, Max},
  journal={arXiv preprint arXiv:1312.6114},
  year={2013}
}

@article{li2018deep,
  title={Deep learning for remote sensing image classification: A survey},
  author={Li, Ying and Zhang, Haokui and Xue, Xizhe and Jiang, Yenan and Shen, Qiang},
  journal={Wiley Interdisciplinary Reviews: Data Mining and Knowledge Discovery},
  volume={8},
  number={6},
  pages={e1264},
  year={2018},
  publisher={Wiley Online Library}
}

@article{yan2018application,
  title={Application of soft computing techniques to multiphase flow measurement: A review},
  author={Yan, Yong and Wang, Lijuan and Wang, Tao and Wang, Xue and Hu, Yonghui and Duan, Quansheng},
  journal={Flow Measurement and Instrumentation},
  volume={60},
  pages={30--43},
  year={2018},
  publisher={Elsevier}
}

@article{lecun1998gradient,
  title={Gradient-based learning applied to document recognition},
  author={LeCun, Yann and Bottou, L{\'e}on and Bengio, Yoshua and Haffner, Patrick},
  journal={Proceedings of the IEEE},
  volume={86},
  number={11},
  pages={2278--2324},
  year={1998},
  publisher={Ieee}
}

@inproceedings{chen2013aircraft,
  title={Aircraft detection by deep belief nets},
  author={Chen, Xueyun and Xiang, Shiming and Liu, Cheng-Lin and Pan, Chun-Hong},
  booktitle={2013 2nd IAPR Asian Conference on Pattern Recognition},
  pages={54--58},
  year={2013},
  organization={IEEE}
}

@article{chen2016deep,
  title={Deep feature extraction and classification of hyperspectral images based on convolutional neural networks},
  author={Chen, Yushi and Jiang, Hanlu and Li, Chunyang and Jia, Xiuping and Ghamisi, Pedram},
  journal={IEEE Transactions on Geoscience and Remote Sensing},
  volume={54},
  number={10},
  pages={6232--6251},
  year={2016},
  publisher={IEEE}
}

@article{chen2015spectral,
  title={Spectral--spatial classification of hyperspectral data based on deep belief network},
  author={Chen, Yushi and Zhao, Xing and Jia, Xiuping},
  journal={IEEE Journal of Selected Topics in Applied Earth Observations and Remote Sensing},
  volume={8},
  number={6},
  pages={2381--2392},
  year={2015},
  publisher={IEEE}
}

@article{samaniego2008supervised,
  title={Supervised classification of remotely sensed imagery using a modified $ k $-NN technique},
  author={Samaniego, Luis and B{\'a}rdossy, Andr{\'a}s and Schulz, Karsten},
  journal={IEEE Transactions on Geoscience and Remote Sensing},
  volume={46},
  number={7},
  pages={2112--2125},
  year={2008},
  publisher={IEEE}
}

@article{du2001linear,
  title={A linear constrained distance-based discriminant analysis for hyperspectral image classification},
  author={Du, Qian and Chang, Chein-I},
  journal={Pattern Recognition},
  volume={34},
  number={2},
  pages={361--373},
  year={2001},
  publisher={Elsevier}
}
@article{li2010semisupervised,
  title={Semisupervised hyperspectral image segmentation using multinomial logistic regression with active learning},
  author={Li, Jun and Bioucas-Dias, Jos{\'e} M and Plaza, Antonio},
  journal={IEEE Transactions on Geoscience and Remote Sensing},
  volume={48},
  number={11},
  pages={4085--4098},
  year={2010},
  publisher={IEEE}
}
@article{ediriwickrema1997hierarchical,
  title={Hierarchical maximum-likelihood classification for improved accuracies},
  author={Ediriwickrema, Jayantha and Khorram, Siamak},
  journal={IEEE Transactions on Geoscience and Remote Sensing},
  volume={35},
  number={4},
  pages={810--816},
  year={1997},
  publisher={IEEE}
}
@inproceedings{NIPS2012_c399862d,
 author = {Krizhevsky, Alex and Sutskever, Ilya and Hinton, Geoffrey E},
 booktitle = {Advances in Neural Information Processing Systems},
 editor = {F. Pereira and C. J. C. Burges and L. Bottou and K. Q. Weinberger},
 pages = {1097--1105},
 publisher = {Curran Associates, Inc.},
 title = {ImageNet Classification with Deep Convolutional Neural Networks},
 url = {https://proceedings.neurips.cc/paper/2012/file/c399862d3b9d6b76c8436e924a68c45b-Paper.pdf},
 volume = {25},
 year = {2012}
}
@inproceedings{szegedy2015going,
  title={Going deeper with convolutions},
  author={Szegedy, Christian and Liu, Wei and Jia, Yangqing and Sermanet, Pierre and Reed, Scott and Anguelov, Dragomir and Erhan, Dumitru and Vanhoucke, Vincent and Rabinovich, Andrew},
  booktitle={Proceedings of the IEEE conference on computer vision and pattern recognition},
  pages={1--9},
  year={2015}
}

@inproceedings{he2016deep,
  title={Deep residual learning for image recognition},
  author={He, Kaiming and Zhang, Xiangyu and Ren, Shaoqing and Sun, Jian},
  booktitle={Proceedings of the IEEE conference on computer vision and pattern recognition},
  pages={770--778},
  year={2016}
}



@article{xu2014regression,
  title={A regression approach to speech enhancement based on deep neural networks},
  author={Xu, Yong and Du, Jun and Dai, Li-Rong and Lee, Chin-Hui},
  journal={IEEE/ACM Transactions on Audio, Speech, and Language Processing},
  volume={23},
  number={1},
  pages={7--19},
  year={2014},
  publisher={IEEE}
}


@inproceedings{ma2016hyperspectral,
  title={Hyperspectral image classification with small training set by deep network and relative distance prior},
  author={Ma, Xiaorui and Wang, Hongyu and Geng, Jie and Wang, Jie},
  booktitle={2016 IEEE International Geoscience and Remote Sensing Symposium (IGARSS)},
  pages={3282--3285},
  year={2016},
  organization={IEEE}
}

@article{xing2016stacked,
  title={Stacked denoise autoencoder based feature extraction and classification for hyperspectral images},
  author={Xing, Chen and Ma, Li and Yang, Xiaoquan},
  journal={Journal of Sensors},
  volume={2016},
  year={2016},
  publisher={Hindawi}
}

@article{vincent2010stacked,
  title={Stacked denoising autoencoders: Learning useful representations in a deep network with a local denoising criterion.},
  author={Vincent, Pascal and Larochelle, Hugo and Lajoie, Isabelle and Bengio, Yoshua and Manzagol, Pierre-Antoine and Bottou, L{\'e}on},
  journal={Journal of machine learning research},
  volume={11},
  number={12},
  year={2010}
}

@inproceedings{he2016hyperspectral,
  title={Hyperspectral image classification based on deep stacking network},
  author={He, Mingyi and Li, Xiaohui and Zhang, Yifan and Zhang, Jing and Wang, Weigang},
  booktitle={2016 IEEE International Geoscience and Remote Sensing Symposium (IGARSS)},
  pages={3286--3289},
  year={2016},
  organization={IEEE}
}

@article{hinton2002training,
  title={Training products of experts by minimizing contrastive divergence},
  author={Hinton, Geoffrey E},
  journal={Neural computation},
  volume={14},
  number={8},
  pages={1771--1800},
  year={2002},
  publisher={MIT Press}
}

@article{zhong2016diversified,
  title={A diversified deep belief network for hyperspectral image classification},
  author={Zhong, P and Gong, ZQ and Sch{\"o}nlieb, C},
  journal={Int Arch Photogram Remote Sens Spatial Inform Sci},
  volume={41},
  pages={443--449},
  year={2016}
}

@article{liang2016hyperspectral,
  title={Hyperspectral imagery classification using sparse representations of convolutional neural network features},
  author={Liang, Heming and Li, Qi},
  journal={Remote Sensing},
  volume={8},
  number={2},
  pages={99},
  year={2016},
  publisher={Multidisciplinary Digital Publishing Institute}
}


@inproceedings{lin2013spectral,
  title={Spectral-spatial classification of hyperspectral image using autoencoders},
  author={Lin, Zhouhan and Chen, Yushi and Zhao, Xing and Wang, Gang},
  booktitle={2013 9th International Conference on Information, Communications \& Signal Processing},
  pages={1--5},
  year={2013},
  organization={IEEE}
}

@article{li2019adaptive,
  title={Adaptive spatial-spectral feature learning for hyperspectral image classification},
  author={Li, Simin and Zhu, Xueyu and Liu, Yang and Bao, Jie},
  journal={IEEE Access},
  volume={7},
  pages={61534--61547},
  year={2019},
  publisher={IEEE}
}

@article{he2019hsi,
  title={HSI-BERT: Hyperspectral Image Classification Using the Bidirectional Encoder Representation From Transformers},
  author={He, Ji and Zhao, Lina and Yang, Hongwei and Zhang, Mengmeng and Li, Wei},
  journal={IEEE Transactions on Geoscience and Remote Sensing},
  volume={58},
  number={1},
  pages={165--178},
  year={2019},
  publisher={IEEE}
}

@article{roy2019hybridsn,
  title={HybridSN: Exploring 3-D--2-D CNN feature hierarchy for hyperspectral image classification},
  author={Roy, Swalpa Kumar and Krishna, Gopal and Dubey, Shiv Ram and Chaudhuri, Bidyut B},
  journal={IEEE Geoscience and Remote Sensing Letters},
  volume={17},
  number={2},
  pages={277--281},
  year={2019},
  publisher={IEEE}
}

@article{gao2019hyperspectral,
  title={Hyperspectral Image Classification With Pre-Activation Residual Attention Network},
  author={Gao, Hongmin and Yang, Yao and Yao, Dan and Li, Chenming},
  journal={IEEE Access},
  volume={7},
  pages={176587--176599},
  year={2019},
  publisher={IEEE}
}

@article{bai2019ssdc,
  title={SSDC-DenseNet: A Cost-Effective End-to-End Spectral-Spatial Dual-Channel Dense Network for Hyperspectral Image Classification},
  author={Bai, Yutong and Zhang, Qifan and Lu, Zexin and Zhang, Yi},
  journal={IEEE Access},
  volume={7},
  pages={84876--84889},
  year={2019},
  publisher={IEEE}
}

@article{jiang2019hyperspectral,
  title={Hyperspectral image classification based on 3-D separable ResNet and transfer learning},
  author={Jiang, Yenan and Li, Ying and Zhang, Haokui},
  journal={IEEE Geoscience and Remote Sensing Letters},
  volume={16},
  number={12},
  pages={1949--1953},
  year={2019},
  publisher={IEEE}
}